@article{huber1964robust,
  title={Robust Estimation of a Location Parameter},
  author={Huber, Peter J.},
  journal={Annals of Mathematical Statistics},
  volume={35},
  number={1},
  pages={73--101},
  year={1964},
  publisher={Institute of Mathematical Statistics}
}

@article{sokolovska2010asymptotics,
  title={Asymptotics of the Exponential Loss in Classification and Risk-sensitive Control},
  author={Sokolovska, Nataliya},
  journal={ArXiv Preprint},
  year={2010},
  url={https://arxiv.org/abs/1003.1352}
}
@book{hastie2009elements,
  title={The Elements of Statistical Learning: Data Mining, Inference, and Prediction},
  author={Hastie, Trevor and Tibshirani, Robert and Friedman, Jerome},
  year={2009},
  publisher={Springer Science & Business Media}
}

@book{friedman2001elements,
  title={The Elements of Statistical Learning},
  author={Friedman, Jerome and Hastie, Trevor and Tibshirani, Robert},
  year={2001},
  publisher={Springer series in statistics New York}
}

@article{huber2011robust,
  title={Robust statistics},
  author={Huber, Peter J},
  journal={International Encyclopedia of Statistical Science},
  pages={1248--1251},
  year={2011},
  publisher={Springer}
}

@book{murphy2012machine,
  title={Machine Learning: A Probabilistic Perspective},
  author={Murphy, Kevin P},
  year={2012},
  publisher={MIT press}
}

